% https://www.economics.utoronto.ca/osborne/latex/BIBTEX.HTM

% https://tex.stackexchange.com/questions/3587/how-can-i-use-bibtex-to-cite-a-web-page
@misc{guinea,
title = {Using Drones for Medical Payload Delivery in Papua New Guinea: Case Study},
howpublished = {\href{https://europa.eu/capacity4dev/innov-aid/blog/case-study-no-2-delivery-using-drones-medical-payload-delivery-papua-new-guinea}{link}}
}

@article{gilmore2019autonomous,
  title={Autonomous Unmanned Aerial Vehicles for Blood Delivery},
  author={Gilmore, Christopher K and Chaykowsky, Michael and Thomas, Brent},
  year={2019},
  note = {\href{https://www.rand.org/pubs/research_reports/RR3047.html}{link}}
}

@article{zipline_mit,
title={Zipline’s Ambitious Medical Drone Delivery in Africa},
author={Jonathan W. Rosen},
year={2017},
note = {\href{https://www.technologyreview.com/s/608034/blood-from-the-sky-ziplines-ambitious-medical-drone-delivery-in-africa/}{link}}
}

@misc{blood_storage,
title={Blood Transfusion Services: Handling, Storage and Returns},
howpublished={\href{https://www.utmb.edu/bloodbank/blood-bank-transfusion-services/component-therapy/handling-storage-returns}{link}}
}

@misc{ meal_300,
title={Restaurant takeout and delivery are taking a bite out of dine-in traffic},
howpublished={\href{https://www.nrn.com/sponsored-content/restaurant-takeout-and-delivery-are-taking-bite-out-dine-traffic}{link}},
date={2016-06-24},
author={Nation's Restaurant News}
}


@misc{india_daily,
author = {},
title = {Swiggy: Zomato, Swiggy, UberEats reduce discounts as food delivery market grows cold},
howpublished = {\url{https://economictimes.indiatimes.com/small-biz/startups/newsbuzz/zomato-swiggy-ubereats-reduce-discounts-as-food-delivery-market-grows-cold/articleshow/72286430.cms}},
month = {Nov},
year = {2019},
note = {(Accessed on 02/05/2020)}
}

@misc{wingcopter_vanuatu,
author = {},
title = {Wingcopter Vaccine Delivery in Vanuatu - YouTube},
howpublished = {\url{https://www.youtube.com/watch?v=T1hVFivopD8}},
month = {},
year = {},
note = {(Accessed on 02/05/2020)}
}

@misc{dhl_tanzania,
author = {},
title = {Deliver Future: Parcelcopter 4.0 | Delivering vital medicines by drone - YouTube},
howpublished = {\url{https://www.youtube.com/watch?v=id00S4L0P5A}},
month = {},
year = {},
note = {(Accessed on 02/05/2020)}
}

@misc{zipline_rwanda,
author = {},
title = {How Rwanda Built A Drone Delivery Service - YouTube},
howpublished = {\url{https://www.youtube.com/watch?v=jEbRVNxL44c}},
month = {},
year = {},
note = {(Accessed on 02/05/2020)}
}

@misc{dominos,
author = {},
title = {Domino's Nutritional Chart per serving},
howpublished = {\url{https://www.bd.com/resource.aspx?IDX=4261}},
month = {},
year = {},
note = {(Accessed on 02/05/2020)}
}

@misc{swiggy_radius,
author = {},
title = {Swiggy expands restaurants’ reach to remote locations - Times of India},
howpublished = {\url{https://timesofindia.indiatimes.com/companies/swiggy-expands-restaurants-reach-to-remote-locations/articleshow/61647301.cms}},
month = {},
year = {},
note = {(Accessed on 02/05/2020)}
}

@misc{uber_eats_drone,
author = {},
title = {UBER AIR: Delivering Uber Eats with Drones | Uber Elevate | Uber - YouTube},
howpublished = {\url{https://www.youtube.com/watch?v=0yMv16p8FO8}},
month = {},
year = {},
note = {(Accessed on 02/05/2020)}
}

@misc{google_wing_last_mile,
author = {},
title = {Wing Launches America's First Commercial Drone Delivery Service to Homes in Christiansburg, Virginia - YouTube},
howpublished = {\url{https://www.youtube.com/watch?v=wCTKwkYzVzo}},
month = {},
year = {},
note = {(Accessed on 02/05/2020)}
}

@misc{billion_2023,
author = {},
title = {Online Food Delivery - worldwide | Statista Market Forecast},
howpublished = {\url{https://www.statista.com/outlook/374/100/online-food-delivery/worldwide}},
month = {},
year = {},
note = {(Accessed on 02/05/2020)}
}

@misc{prime_air,
author = {},
title = {Prime Air},
howpublished = {\url{https://www.aboutamazon.co.uk/innovation/prime-air}},
month = {},
year = {},
note = {(Accessed on 02/05/2020)}
}

@misc{zomato_cost,
author = {Deepinder goyal},
title = {Our Unit Economics for Food Delivery in India},
howpublished = {\url{https://www.zomato.com/blog/our-unit-economics-for-food-delivery-in-india}},
month = {June},
year = {2016},
note = {(Accessed on 02/06/2020)}
}

@misc{office_chai,
author = {},
title = {Zomato Currently Makes Losses Of Rs. 25 On Each Order On Delivery Costs Alone - OfficeChai},
howpublished = {\url{https://officechai.com/startups/zomato-currently-makes-losses-rs-25-order-delivery-costs-alone/}},
month = {April},
year = {2019},
note = {(Accessed on 02/06/2020)}
}

@misc{cost_estimate_colab,
title = {Delivery Cost Estimate - colab},
howpublished = {\url{https://colab.research.google.com/drive/1P5YvU2cM2_rJBUAb0sPsPvH70FoY293b}}
}

@book{anderson2005introduction,
  title={Introduction to Flight},
  author={Anderson, J.D.},
  isbn={9780072825695},
  lccn={03026151},
  series={McGraw-Hill series in aeronautical and aerospace engineering},
  url={https://books.google.co.in/books?id=pW8U-UddgDMC},
  year={2005},
  publisher={McGraw-Hill Higher Education}
}

@book{anderson1999aircraft,
  title={Aircraft Performance and Design},
  author={Anderson, J.D.},
  isbn={9780071160100},
  lccn={98048481},
  series={McGraw-Hill aerospace science /technology series},
  url={https://books.google.co.in/books?id=ct9kQgAACAAJ},
  year={1999},
  publisher={McGraw-Hill}
}

@inproceedings{tangler2005wind,
  title={Wind turbine post-stall airfoil performance characteristics guidelines for blade-element momentum methods},
  author={Tangler, James and Kocurek, David},
  booktitle={43rd AIAA Aerospace Sciences Meeting and Exhibit},
  pages={591},
  year={2005}
}

@inproceedings{cory2008experiments,
  title={Experiments in fixed-wing UAV perching},
  author={Cory, Rick and Tedrake, Russ},
  booktitle={AIAA Guidance, Navigation and Control Conference and Exhibit},
  pages={7256},
  year={2008}
}

@article{moore2014robust,
  title={Robust post-stall perching with a simple fixed-wing glider using LQR-Trees},
  author={Moore, Joseph and Cory, Rick and Tedrake, Russ},
  journal={Bioinspiration \& biomimetics},
  volume={9},
  number={2},
  pages={025013},
  year={2014},
  publisher={IOP Publishing}
}